2048 3316
119 118 192 196 Eut
201 114 298 193 Inst.
314 115 406 214 lmp.
422 112 510 213 Ltt.
519 115 576 192 tt.
584 112 663 193 Tit.
671 116 789 195 XVI.
807 138 880 216 199

71 225 245 322 proniutn
267 220 455 309 heredes,
486 219 528 296 δι
560 237 689 315 postea
718 219 907 298 substituit

71 330 146 403 hoc
161 324 276 401 modo
292 379 304 414 ‚
320 325 351 399 si
370 324 490 400 Titius
505 326 623 400 haeres
639 348 712 400 non
739 325 810 416 sit,
836 326 910 401 Ne·

66 433 150 507 vius
174 432 292 504 haeres
307 443 388 505 esto
404 453 415 519 ς
432 428 519 503 &si
538 428 680 505 Neuius
694 433 813 505 haeres
833 452 908 506 non

71 535 119 611 tit
137 532 403 628 ‚Sempronius
427 535 546 607 haeres
572 547 665 607 esto.

149 636 256 735 Quid.
263 649 322 710 est
340 632 554 710 substitutio
572 634 833 733 compertum

74 740 216 833 Quae
232 738 419 815 brevitate
435 737 638 815 verborum
650 738 912 837 Npiureusubt

70 844 258 945 titutionis
293 843 438 939 species
461 845 721 940 complettitur
745 894 758 933 ‚
786 868 823 920 v.
850 869 913 945 gr.-

75 938 386 1047 quandocumque
399 947 494 1022 filius
511 970 614 1023 meus
628 947 809 1022 morietur
823 951 915 1037 Ti-

75 1054 149 1129 tius
166 1054 406 1139 haereseum,
420 1051 450 1124 si
475 1051 575 1126 enim
591 1051 654 1128 itte
666 1050 805 1125 filius
776 1068 824 1124 srt
841 1052 915 1126 im-

75 1153 220 1255 pubes
234 1155 447 1229 continetur
465 1177 537 1231 uun
563 1170 711 1230 tanturn
738 1150 916 1230 substitu-

77 1260 134 1334 tio
155 1258 350 1359 vulgarit,
350 1257 429 1347 sed
449 1259 565 1333 etiarn
582 1256 805 1355 pupillaris
822 1257 915 1333 &⁶
885 1281 917 1335 st

75 1363 126 1439 sit
149 1360 311 1436 furiosus
341 1377 405 1436 aut
429 1376 731 1458 tuentecaptus
727 1354 917 1441 contine-

75 1481 140 1543 tur
160 1465 278 1583 etiarn
297 1462 513 1559 substitutio
524 1463 763 1565 exemplaris.

161 1742 163 1747 .
258 1672 554 1757 TITULUS
590 1673 749 1749 XVII.

88 1863 91 1867 ¹
108 1816 258 1921 Quibu's'
269 1820 391 1905 niudis
407 1842 632 1906 testamenta
645 1827 893 1915 infirmentur.
911 1812 922 1897 ’Ῐ

141 1982 238 2081 Quot
256 1982 370 2060 modis
396 1982 870 2080 infirmanturtestamentoi

86 2090 359 2271 Quatuor..
328 2111 359 2163 r.
376 2088 587 2189 Agnatione
610 2091 667 2166 sui
691 2094 922 2173 haerediw.

187 2191 397 2313 posteriore
424 2207 649 2269 testamento
676 2196 865 2288 perfetio.
887 2220 925 2295 3²

83 2295 244 2541 capitit
241 2295 498 2374 diminutione.
512 2300 636 2395 4'pet
649 2296 876 2395 quereiam
865 2320 926 2374 tu-

84 2422 109 2475 o
154 2422 259 2535 ciust:
856 2444 865 2455 ··
897 2426 927 2453 ³

190 2534 295 2704 Quid
314 2620 372 2683 est
390 2621 641 2684 testamentum
661 2605 821 2706 ruptum?

138 2708 208 2785 Est
234 2727 523 2800 testamentum,
540 2712 640 2809 quod
657 2713 799 2787 amittit
824 2712 924 2795 vires

86 2824 267 2899 testatore
298 2830 472 2896 manente
488 2815 528 2892 in
553 2815 687 2893 eodem
712 2830 823 2898 statu.
912 2832 920 2873 r

822 2974 836 2981 --
882 3024 949 3099 An
