2048 3316
120 66 788 195 nortmannorum.nrt.
815 116 891 193 223
930 58 933 75 '

70 205 172 285 da'tae
187 206 298 281 simul
323 226 412 279 cutn
437 225 484 280 eo
509 200 833 300 periclitabamur.

254 350 559 486 arnonus
604 410 741 487 xrrr.

77 563 458 652 De'successionibus
485 563 665 657 sublatis,
680 590 760 663 quae
781 562 923 642 fiebant

86 676 175 770 ‘per
189 668 379 748 bonorum
389 672 666 850 &messiones
682 672 722 748 &
735 676 783 746 ex
799 669 834 744 S.
850 670 897 746 C.

386 844 389 849 .
445 797 493 851 au
520 799 619 852 rano.

81 936 210 1080 Duo
234 929 337 1005 modi
370 931 628 1029 acquisitionis
657 932 771 1008 hodie
800 929 927 1012 subla·

189 1034 218 1110 ti
236 1091 249 1127 ‚
265 1034 327 1108 hic
354 1034 578 1112 indicantur.

313 1136 410 1234 Quis
431 1140 536 1235 prior·
553 1137 703 1214 ·modusi

134 1240 316 1319 venditio
330 1238 514 1317 bonorum
527 1244 628 1339 ejus,
643 1244 706 1340 qui
720 1241 929 1319 fraudatio·

84 1348 143 1424 nis
178 1345 293 1421 causi
326 1347 573 1437 latitaverat,
613 1350 716 1441 cujus
745 1348 930 1445 asperitas

84 1450 203 1528 hodie
224 1447 409 1550 abrogata
425 1466 497 1538 est,
511 1450 551 1527 δι
565 1456 827 1528 tantummodo
842 1477 930 1530 cre-

85 1552 272 1631 ditoribus
287 1554 397 1628 datur
422 1555 552 1629 officio
569 1554 710 1652 Judicis
724 1554 824 1630 bona
843 1558 930 1630 lati·

86 1660 251 1735 tantium
273 1655 488 1735 debitorum
503 1660 717 1753 possidere,
733 1658 932 1732 constitui-

86 1780 225 1861 turque
239 1760 421 1837 bonorum
431 1760 629 1851 Curatur,
650 1782 689 1835 ut
706 1784 775 1856 per
799 1784 933 1838 eorum

86 1866 371 1965 distratiion'ent
387 1865 596 1941 satisfaciat
620 1862 882 1946 creditoribus.

83 2128 87 2135 .
122 2074 311 2175 ·..···...Quis
325 2074 433 2149 alter·
445 2068 573 2152 modos
592 2075 821 2175 acquirendi?

101 2202 111 2227 ··
132 2174 230 2255 ·Fuir
253 2178 284 2254 i's
298 2176 565 2281 intt'odutiusa
592 2182 629 2254 S.
648 2180 694 2254 C.
709 2179 934 2266 Claudiano,

89 2304 137 2361 ex
151 2306 227 2380 quo
240 2281 359 2359 libera
369 2286 507 2360 ·tnuiier
520 2324 542 2372 ,3
548 2284 629 2381 quae
652 2306 691 2359 se
704 2299 838 2359 contra
855 2280 940 2356 Do-

90 2389 185 2464 mini
200 2388 519 2475 denuntiationem
533 2389 656 2463 aiieno
666 2388 847 2483 junxisset
865 2408 938 2461 ser·

90 2490 411 2582 vosaddicebat'ur
427 2491 597 2565 Domino
605 2493 706 2567 s'ervi
716 2498 807 2568 ·eum
822 2491 939 2564 fortu-

90 2590 151 2670 nis
168 2593 354 2670 'omnibus‘
376 2590 444 2689 3'si
471 2590 938 2686 'senoniense-·-Domino,

90 2696 243 2775 tantum
267 2697 380 2776 fiebat
410 2702 488 2793 ejus
518 2698 686 2776 libertas.
710 2696 797 2772 Hoc
821 2696 856 2772 S.
889 2696 938 2774 C.

92 2800 195 2900 ilu'od
217 2807 391 2879 honestas
405 2819 616 2881 extorserat
629 2858 640 2892 ,
653 2804 751 2896 imp.
773 2797 935 2904 abroga-

91 2905 152 2985 vit
169 2923 363 3007 tamquam
383 2907 497 2983 nimis
513 2928 716 3005 asperum
747 2928 835 2983 cunt
867 2929 937 3003 per

193 3056 196 3061 ·
380 3032 382 3037 ·
557 3012 625 3088 Pa
886 3010 948 3080 ie·-
