2048 3316
107 123 183 203 asa
210 138 214 145 ·
236 98 359 201 Defin
360 98 626 184 &petitiones
635 98 826 205 Jur'Uo
837 94 844 157 ἶ
890 90 905 161 ἶ

314 208 419 309 Quid
446 222 505 285 est
532 210 726 313 solutiq²

92 314 204 389 Est
225 310 381 412 quilibet
402 314 536 389 modus
551 370 564 407 ‚
580 336 656 414 quo
676 314 830 391 tollitur
827 306 911 388 obli·

82 419 203 521 gatio.
950 464 956 483 ·.

318 520 421 621 Quid
448 535 507 597 est
535 521 698 598 nonotio²
775 564 778 571 ·

94 624 204 702 liat
228 648 321 702 veta
347 648 393 704 ac
417 628 599 702 naturalis
624 625 819 726 praestatio
846 624 913 719 q'us

84 730 185 833 quod
211 726 381 805 debetur.

268 832 372 932 Quid
398 846 456 907 est
480 833 736 930 acceptilatio²

134 936 234 1012 Est
223 938 450 1038 imaginaria
473 939 633 1027 solutio,
663 962 737 1035 qua
766 936 806 1011 id
827 931 913 1033 quod

82 1064 129 1119 ex
153 1042 334 1138 stipulatu
353 1039 510 1116 debetur
521 1060 715 1139 ‚accepto
741 1041 871 1115 fertur.

82 1145 212 1247 Quare
223 1144 337 1237 decas
353 1144 395 1219 ul
405 1143 495 1242 quod
505 1170 555 1221 ex
567 1152 667 1242 stupu
669 1149 756 1219 atu
669 1131 915 1218 debetur²

136 1250 184 1325 R.
209 1248 309 1340 Quia
329 1272 396 1348 pet
417 1250 758 1348 acceptilationem
776 1244 960 1355 tannim

84 1355 165 1429 tolli
194 1366 318 1449 potest
331 1352 514 1454 obugano
528 1351 746 1431 verborum

52 1470 56 1474 ’
83 1456 188 1556 Quid
199 1480 236 1530 st
227 1459 402 1530 velimus
414 1459 544 1533 tollere
561 1460 662 1533 ullas
685 1444 920 1552 obligatin'net

145 1579 216 1659 per
241 1562 577 1656 acceptilationem
604 1583 675 1660 qua
704 1558 866 1635 debemus

332 1696 335 1701 ·
408 1666 589 1742 tumuti²
749 1688 752 1693 ·

138 1767 254 1866 Resp.
274 1765 466 1846 Debemus
490 1785 580 1846 tunc
607 1770 662 1844 uti
688 1736 953 1865 stipulatione

86 1872 315 1967 Aquiliana,
330 1879 502 1964 nocent,
522 1872 700 1950 debemus
721 1868 924 1971 obligatim¹

86 1997 173 2051 nem
201 1975 326 2073 primo
350 1976 591 2053 deducerem
606 1978 856 2072 stipulatum,
885 1972 930 2047 si·

87 2102 137 2155 ve
161 2078 201 2153 io
230 2074 499 2180 obligationem
520 2080 749 2171 verborum,
770 2079 812 2155 ὅτ
835 2086 929 2175 -sspos

89 2197 151 2261 tea
174 2183 234 2267 uti
254 2184 556 2280 acceptilatione.

141 2286 245 2388 Quid
263 2303 321 2364 est
340 2292 533 2387 stipulatio
549 2295 630 2365 sive
644 2288 929 2385 acceptilatio·

273 2448 302 2479 ·.
402 2395 626 2492 Aquiliann²
755 2432 771 2447 ·-

141 2495 259 2597 Resp.
273 2498 344 2572 Per
360 2523 474 2595 quam
499 2499 716 2601 contingit,¹
739 2509 780 2573 ut
809 2517 939 2597 rorum

88 2592 292 2699 obligatio
283 2624 320 2675 m
335 2605 553 2699 stipulatum
566 2604 787 2691 deducatur,
781 2584 831 2678 &'
843 2614 940 2700 post·

91 2724 137 2779 ea
156 2707 312 2780 tollatur
327 2729 397 2802 per
416 2722 550 2804 accept
536 2708 788 2784 til'ationem..

143 2812 146 2817 ’
313 2809 443 2912 Quid
438 2826 497 2889 est
527 2810 713 2886 Nouatio²

141 2906 211 2986 Est
229 2912 367 3008 prioris
394 2894 633 3020 obligationis
654 2915 845 2993 mediante
868 2917 940 2991 sti-

715 3053 719 3059 .
866 3043 940 3115 pu
