2048 3316
114 98 167 178 26.
208 97 337 200 'Definj
352 95 594 184 Dissidet-s&
608 100 852 205 Quaestiorte'sl
897 122 903 128 “

86 204 168 291 bus
170 203 406 292 Sabbatinis
420 205 693 285 Dominicis&
724 207 865 287 Festis:
886 208 937 288 at*

83 335 185 387 socri
180 306 360 387 Ordrnes
371 307 508 387 debent
517 311 684 387 conferri
696 307 825 387 drebus
834 309 930 388 Sab-

84 414 189 502 bati,
207 413 276 488 nisi
299 414 544 491 conferantur
573 415 773 492 tsnmmo
793 416 929 543 Ponti-

84 521 168 594 iice.

67 616 70 623 ’
98 618 329 718 -Quinam
340 580 681 703 Ordinesdicootor
694 620 830 698 Sacri²

89 725 212 818 Qui
237 748 384 802 sacram
406 727 641 802 continentia
658 725 935 829 obligationem

83 852 269 906 annexam
284 829 425 906 habeut
436 887 448 919 ‚
459 846 500 906 ut
511 829 819 922 subdiaconatus,
834 829 931 911 Dia-

84 935 321 1023 conatu's,&
345 932 644 1032 presbyteratus.
685 990 689 997 .
727 993 733 1004 ,

135 1038 290 1140 Quoties
307 1043 343 1112 in
358 1062 446 1111 anno
456 1035 687 1131 conferuntur
697 1034 873 1114 Ordines?
926 1058 933 1131 ᾗ

138 1143 244 1219 Sacri
260 1139 423 1218 Ordines
434 1165 507 1216 non
524 1141 766 1218 conferuntur
784 1141 853 1216 nisi
869 1156 947 1219 θεέ

12 1238 16 1249 ’
84 1247 164 1321 xies
190 1249 225 1321 in
242 1250 536 1343 anno‚quatuor
550 1243 823 1342 Temporibus
832 1243 933 1321 Sab-

82 1348 173 1422 bato
185 1351 317 1425 Sandio
328 1405 340 1440 ‚
351 1349 391 1425 dc
405 1344 568 1426 Sabbato
583 1366 676 1427 ante
682 1348 938 1435 Dominicam‘

84 1452 334 1527 dePassione.
675 1488 691 1501 ¹·
858 1496 869 1509 -
936 1512 942 1521 .

83 1554 186 1655 Quid
200 1560 235 1631 si
256 1561 336 1652 quis
350 1578 436 1654 ergo
452 1570 563 1630 extra
579 1553 679 1631 ditio
694 1560 932 1667 temporarie

395 1658 606 1737 ordinaturi
677 1690 711 1727 ·.
784 1687 787 1693 ·

103 1763 278 1839 Taliter
301 1762 494 1840 ordinatus
517 1759 566 1839 ab
580 1761 752 1848 ordinum
764 1762 943 1862 suscep-''

83 1878 209 1939 torum
225 1868 443 1943 executione
468 1868 732 1987 suspenditur,
730 1866 786 1942 'dt
810 1866 932 1966 Epis-

83 1991 201 2064 copus
226 1972 395 2068 graviter
426 1972 598 2066 punitur-z
628 1971 813 2068 hodieque
834 1994 936 2047 ·-sus

84 2093 219 2185 pensus
240 2088 296 2146 est
311 2070 358 2148 ab
372 2073 545 2153 ordinum
559 2075 797 2151 collatione
767 2094 840 2170 per
855 2098 938 2155 ao·-

84 2199 174 2250 num
191 2201 237 2253 ex
253 2174 426 2251 Concilio
442 2178 673 2253 Tridentino.

83 2280 150 2354 Au
165 2305 279 2358 omnes
289 2279 447 2355 Ordmes
456 2284 599 2376 possint
614 2280 725 2377 eidem
735 2279 852 2359 eodem
865 2281 934 2363 die

415 2381 592 2477 confinii
650 2406 658 2413 ·
774 2446 777 2451 .

137 2486 226 2564 Non
243 2487 310 2560 nisi
326 2510 419 2562 unus
435 2511 481 2563 ex
496 2488 612 2566 sacris
628 2483 833 2565 Ordinibus
849 2512 932 2570 uno

84 2591 145 2663 die
161 2589 326 2668 conferri
336 2609 460 2684 potest
471 2616 482 2685 ς
493 2607 532 2667 at
542 2594 693 2666 minores
703 2589 868 2668 Ordines
878 2619 931 2673 ex

83 2694 259 2789 opinione
276 2697 476 2771 multorum
492 2695 656 2770 conferri
676 2712 826 2792 possunt
839 2720 931 2774 oot-

83 2821 147 2871 nes
165 2800 297 2875 eodem
322 2797 382 2876 die
408 2800 611 2874 secundum
641 2801 928 2896 dispositionem

85 2900 185 3001 Juris
200 2901 396 2995 Canonici.
425 2902 508 2978 lmo
523 2904 558 2979 N
565 2907 721 2981 avarsus
743 2899 799 3008 (a)
818 2923 928 3003 putat

97 3048 102 3055 ,
807 3026 926 3093 etiam
