2048 3316
80 108 843 213 Eae-mammam.11.r2·'t'.XV111.201

176 218 282 317 Quid
293 236 351 295 est
365 222 508 316 querela
524 215 734 314 inofficiosi?

61 394 65 399 .
80 321 152 397 Est
164 322 428 399 subsidiarium
446 322 676 412 remedium,
689 343 762 418 quo
778 318 873 416 peti·

30 437 93 499 tur
112 426 136 499 i
153 426 286 523 Judice
304 445 369 515 ,ut
383 443 646 503 testamentum
664 426 872 521 quasicon-

31 542 94 604 tra
108 528 258 625 pietatis
270 531 438 606 officium
461 532 600 605 faiium
617 528 682 618 ‚&
697 549 763 601 suo
782 528 872 607 offi-

31 632 94 723 cio
108 633 313 709 rescindat:
325 635 436 710 datur
454 635 527 709 hoc
540 630 666 707 liberis
681 630 721 705 δι
737 653 871 726 paren·

30 732 130 813 tibus
141 791 153 826 ‚
163 733 344 812 fratribus
359 732 452 813 νετὸ
466 737 506 812 &
520 732 729 827 sororibus,
744 734 774 809 si
787 734 870 811 tur-⁵

10 904 16 911 .
28 862 96 936 pes
122 862 292 936 personae
312 843 461 939 scriptae
476 841 562 917 sint.
625 856 628 861 '

36 951 43 1021 Ξ
110 989 112 993 ,
183 942 288 1041 Quid
314 960 373 1019 est
395 964 550 1041 persona
570 940 710 1039 turpis?

79 1042 153 1121 Est
178 1070 338 1142 persona
364 1048 526 1123 infamis
555 1066 568 1103 ·-
614 1096 619 1113 .
737 1102 741 1111 .
801 1100 821 1107 .-

146 1147 251 1249 Quid
276 1164 358 1225 sunt
366 1148 519 1245 fratres
547 1148 738 1225 Germanii

23 1251 159 1344 Qui
178 1250 397 1330 habuerunt:
414 1256 602 1353 utrimque
610 1252 771 1328 eosdem
794 1272 862 1350 pa-

24 1371 165 1435 rentes.

75 1458 221 1558 Quid
240 1475 323 1537 sunt
337 1459 490 1555 fratres
513 1458 777 1561 consanguinei?
877 1497 879 1503 ·

78 1564 156 1655 Qui
171 1561 381 1641 habuerunt
411 1566 597 1663 utrimque
617 1564 775 1642 eundem
801 1584 869 1661 pa·

25 1681 141 1745 trem.
725 1728 728 1733 .

174 1770 278 1871 Quid
298 1788 381 1848 sunt
399 1768 552 1865 fratres
573 1771 726 1847 uterina

79 1873 157 1966 Qui
173 1872 384 1953 habuerunt
403 1876 561 1951 eandem
581 1890 755 1953 matrem.
809 1920 814 1930 f

54 1978 123 2054 An
136 1994 253 2055 cesset
266 1978 457 2077 aliquando
471 1983 615 2079 querela
631 1976 841 2078 inofficiosii

80 2081 130 2159 R.
145 2083 222 2171 lta
236 2106 273 2160 v.
287 2106 325 2185 g.
342 2085 373 2159 si
384 2086 464 2181 quis
479 2086 526 2160 sit
535 2085 634 2179 justi
650 2083 866 2162 exhaereda·
924 2164 927 2169 ,

28 2198 99 2263 tus.
118 2186 241 2261 Item
231 2209 272 2263 m
295 2188 705 2271 testamentomiiitari.
723 2188 866 2262 items1

29 2290 110 2389 quis
136 2292 282 2368 haeres
271 2293 459 2367 institutus
479 2291 527 2366 sit
546 2292 660 2366 etiam
684 2289 721 2364 in
737 2310 779 2362 re
795 2286 868 2361 mi-

29 2395 156 2481 nima,
171 2392 202 2467 si
223 2410 348 2470 autem
370 2394 441 2472 ista
457 2418 517 2469 res
534 2394 685 2467 minima
701 2414 773 2465 non
789 2386 869 2465 suf·

27 2498 132 2571 ficiat
144 2448 198 2571 'ad
222 2498 456 2598 legitimam
486 2514 575 2571 tunc
596 2496 785 2597 agendum
810 2508 867 2568 est

26 2602 77 2674 ad
101 2603 403 2695 supplementum
435 2601 638 2700 legitimae‚
654 2600 694 2677 &
719 2619 867 2674 cessare

24 2700 142 2781 debet
164 2709 314 2800 querela
341 2705 552 2780 inofficiosi.

182 2806 285 2905 Quid
306 2823 363 2883 est
378 2822 513 2903 quarta
529 2806 713 2907 legitima?
827 2835 828 2838 ¹

57 2906 150 2987 Est
164 2929 272 2991 certa
283 2934 373 3008 pars
385 2908 689 3008 person1sdeb1ta
704 2907 775 2987 ab
764 2928 871 2988 intes

812 3033 873 3088 ta-

347 3239 457 3274 ..a
