2048 3316
180 116 257 198 Est
273 122 372 199 Inst'.
386 114 477 219 Imp'.
492 119 583 199 zib.
592 116 642 198 H.
658 119 734 198 Tit.
744 118 794 199 X.
827 142 896 220 191

80 226 198 345 goti,
222 228 313 303 item
336 244 377 303 ut
402 228 684 303 Testamentum
713 228 780 373 fiat
810 230 923 302 unico

81 326 278 408 contextu.
373 382 377 389 ·

82 434 191 535 flitid
204 436 267 510 hos
277 410 469 534 significat
482 432 741 509 Testamentum
754 434 843 530 fieri
853 439 930 509 nni·

386 561 426 612 co
446 541 696 612 contextu&-

139 614 211 716 Est
243 641 299 716 sic
323 641 434 728 fieri,
458 659 497 714 ut
525 664 596 715 non
619 642 846 718 interveniat
860 643 931 718 alt

86 744 173 844 quis
202 746 304 821 atius
328 741 727 821 notabilisextraneus.
1007 746 1013 759 '

180 905 183 911 .
248 847 350 946 Quid
374 862 431 923 est
450 844 552 921 aiios
568 849 800 946 astronomi.

101 976 106 985 ·
142 951 221 1043 Qui
242 951 457 1028 est'alienus
487 951 771 1029 itestamento.

102 1051 187 1131 Da
203 1052 459 1137 Contratinm.
467 1059 532 1151 qni
549 1080 612 1129 non
629 1070 685 1129 est
702 1071 908 1131 extranens.

100 1157 193 1232 -.R
208 1158 363 1257 Emptio
391 1157 528 1254 lapidis
550 1159 805 1255 sepulchralis.

90 1262 257 1364 Quinam
258 1277 406 1360 possunt
415 1266 658 1338 essetestestn
668 1261 936 1337 testamentum²

148 1364 195 1439 R.
210 1366 291 1457 11Ιί
317 1388 403 1441 cum
432 1364 563 1461 quibus
594 1366 805 1443 testamenti
822 1367 936 1443 fanto

95 1472 176 1560 est,
193 1469 324 1558 idest,
340 1471 392 1544 itti
408 1469 470 1566 qni
487 1488 637 1565 possunt
653 1472 793 1546 institui
816 1474 938 1547 haere-

95 1574 259 1664 destsed
271 1571 319 1650 ab
332 1574 394 1649 illa
408 1575 538 1672 regula
555 1575 667 1671 aliqui
684 1575 936 1670 excipiuntur,

96 1694 138 1751 ut
167 1678 357 1767 foeminae.
380 1678 502 1763 servi,
527 1674 769 1773 impuberes,
794 1676 939 1764 furiosi,

95 1781 216 1872 muti,
232 1783 357 1866 surdi.
384 1781 567 1879 prodigi,
594 1777 726 1877 quibus
753 1776 938 1855 bonorum

97 1886 378 1961 administratio
403 1883 602 1959 interdieta
625 1900 693 1960 est.

75 2044 81 2063 .
100 1986 228 2084 Quare
236 1987 402 2082 foeminae
420 2013 483 2061 non
496 2004 644 2084 possunt
670 2014 748 2065 esse
775 2002 889 2083 testes
905 1993 943 2063 in

97 2088 399 2181 Testamenta,
363 2114 452 2166 cnm·
448 2087 546 2167 ·bene
562 2097 719 2188 possint
719 2114 803 2166 esst
824 2107 940 2167 testes

59 2209 70 2219 ²
350 2198 388 2269 in
406 2198 496 2269 aliis
521 2195 744 2294 negotiis²
871 2249 873 2253 ψ

151 2297 187 2371 R
191 2297 300 2389 .Quia
311 2298 359 2374 ad
374 2298 651 2374 solemnitatem
662 2294 877 2373 testamenti
891 2317 946 2370 re·

95 2403 284 2501 quiritur
295 2403 423 2477 utsint
452 2402 626 2478 Masculi.

96 2507 271 2582 Potestne
294 2506 412 2581 Pater
441 2529 519 2580 esse
533 2510 643 2582 testis
666 2510 704 2581 in
720 2503 946 2580 Testamenta

85 2607 169 2707 fil‘
139 2635 168 2683 n
184 2614 263 2700 sni
276 2627 339 2685 ant
347 2608 479 2703 frater
493 2604 763 2686 inTestnmento
770 2604 938 2700 fratris,

123 2718 186 2855 qni
202 2717 241 2788 in'
261 2712 416 2814 ejusdem
427 2718 556 2808 patris
575 2716 764 2810 potestate
781 2735 857 2786 cum
878 2737 917 2787 eo

420 2817 607 2899 consistit?

41 3000 46 3011 ι
148 2918 197 2997 R.
213 2919 326 3015 Non,
356 2919 442 3019 quia
468 2920 581 2998 hac
571 2945 609 2996 tn
639 2941 680 2996 re
707 2917 941 3018 prohibitum

532 3103 535 3109 ,
557 3024 631 3102 Nn
896 3035 964 3092 ts&
